<?xml version="1.0" encoding="utf-8"?>
<record xmlns="http://www.loc.gov/MARC21/slim" xmlns:xsi="http://www.w3.org/2001/XMLSchema-instance" xsi:schemaLocation="http://www.loc.gov/MARC21/slim http://www.loc.gov/standards/marcxml/schema/MARC21slim.xsd">
	<leader>     nam a22        4500</leader>
	<controlfield tag="001">b12673602</controlfield>
	<controlfield tag="003">LeBAU</controlfield>
	<controlfield tag="006">m        d        </controlfield>
	<controlfield tag="007">cr cn |||m|||a</controlfield>
	<controlfield tag="008">170718s1908    ua      o     ||0 0 ara d</controlfield>
	<datafield ind1=" " ind2=" " tag="040">
		<subfield code="a">NNU</subfield>
		<subfield code="b">ara</subfield>
		<subfield code="e">rda</subfield>
		<subfield code="c">NNU</subfield>
	</datafield>
	<datafield ind1="0" ind2="4" tag="082">
		<subfield code="a">922.97</subfield>
		<subfield code="2">20</subfield>
	</datafield>
	<datafield ind1="1" ind2=" " tag="100">
		<subfield code="6">880-01</subfield>
		<subfield code="a">Bakhshī, Muḥammad ibn Muḥammad,</subfield>
		<subfield code="d">1628 or 1629-1686 or 1687,</subfield>
		<subfield code="e">author.</subfield>
	</datafield>
	<datafield ind1="1" ind2="0" tag="245">
		<subfield code="6">880-02</subfield>
		<subfield code="a">Hādhā kitāb Shams al-mafākhir :</subfield>
		<subfield code="b">dhayl kitāb Qalāʼid al-jawāhir fī dhikr dhurrīyat sulṭān al-awlīyā’ al-akābir bāz Allāh al-ashhab ‘ilm al-sharq al-ghawth al-a‘ẓam al-rabbānī al-ḥasīb al-nasīb al-sharīf al-Sayyid al-Imām al-humām shaykh al-Islām Abī Sāliḥ Muḥyī al-Dīn ʻAbd al-Qādir al-Jīlānī al-Ḥasanī al-Ḥusaynī /</subfield>
		<subfield code="c">taʼlīf al-imām al-humām al-‘ālim al-‘allāmah wa-al-baḥr al-fahhāmah mawlānā al-Shaykh Muḥammad ibn Muḥammad ibn Muḥammad al-Bakhshī al-Ḥalabī al-shāfi‘ī al-mutawaffá sanat 1098.</subfield>
	</datafield>
	<datafield ind1="3" ind2="0" tag="246">
		<subfield code="6">880-03</subfield>
		<subfield code="a">kitāb Shams al-mafākhir</subfield>
	</datafield>
	<datafield ind1="3" ind2="0" tag="246">
		<subfield code="6">880-04</subfield>
		<subfield code="a">Shams al-mafākhir</subfield>
	</datafield>
	<datafield ind1=" " ind2="1" tag="264">
		<subfield code="6">880-05</subfield>
		<subfield code="a">Miṣr :</subfield>
		<subfield code="b">Maṭba‘at al-Sa‘ādah,</subfield>
		<subfield code="c">1326 H., [1908? M.]</subfield>
	</datafield>
	<datafield ind1=" " ind2=" " tag="300">
		<subfield code="6">880-06</subfield>
		<subfield code="a">online resource (3, 128 pages)</subfield>
	</datafield>
	<datafield ind1=" " ind2=" " tag="336">
		<subfield code="a">text</subfield>
		<subfield code="2">rdacontent</subfield>
	</datafield>
	<datafield ind1=" " ind2=" " tag="337">
		<subfield code="a">computer</subfield>
		<subfield code="2">rdamedia</subfield>
	</datafield>
	<datafield ind1=" " ind2=" " tag="338">
		<subfield code="a">online resource</subfield>
		<subfield code="2">rdacarrier</subfield>
	</datafield>
	<datafield ind1=" " ind2=" " tag="500">
		<subfield code="a">Part of the Arabic Collections Online (ACO) project, contributed by American University of Beirut's Jafet Memorial Library.</subfield>
	</datafield>
	<datafield ind1=" " ind2=" " tag="533">
		<subfield code="a">Electronic reproduction.</subfield>
		<subfield code="b">New York, N.Y. :</subfield>
		<subfield code="c">New York University,</subfield>
		<subfield code="d">2017.</subfield>
		<subfield code="5">NNU</subfield>
	</datafield>
	<datafield ind1="1" ind2="4" tag="600">
		<subfield code="a">التاذفي، محمد بن يحيى،</subfield>
		<subfield code="d">1493 او 1494-1555 او 1556.</subfield>
		<subfield code="t">قلائد الجواهر.</subfield>
	</datafield>
	<datafield ind1="0" ind2="4" tag="600">
		<subfield code="a">عبد القادر الجيلاني،</subfield>
		<subfield code="d">-1166.</subfield>
	</datafield>
	<datafield ind1="0" ind2="4" tag="600">
		<subfield code="a">عبد القادر الجيلاني،</subfield>
		<subfield code="d">-1166</subfield>
		<subfield code="x">العائلة.</subfield>
	</datafield>
	<datafield ind1="1" ind2="0" tag="600">
		<subfield code="a">Tādhifī, Muḥammad ibn Yaḥyá,</subfield>
		<subfield code="d">1493 or 1494-1555 or 1556.</subfield>
		<subfield code="t">Qalāʼid al-jawāhir.</subfield>
	</datafield>
	<datafield ind1="0" ind2="0" tag="600">
		<subfield code="a">ʻAbd al-Qādir al-Jīlānī,</subfield>
		<subfield code="d">-1166.</subfield>
	</datafield>
	<datafield ind1="0" ind2="0" tag="600">
		<subfield code="a">ʻAbd al-Qādir al-Jīlānī,</subfield>
		<subfield code="d">-1166</subfield>
		<subfield code="x">Family.</subfield>
	</datafield>
	<datafield ind1=" " ind2="4" tag="650">
		<subfield code="a">القادرية</subfield>
		<subfield code="x">أنساب.</subfield>
	</datafield>
	<datafield ind1=" " ind2="4" tag="650">
		<subfield code="a">المتصوفون</subfield>
		<subfield code="v">أنساب.</subfield>
	</datafield>
	<datafield ind1=" " ind2="0" tag="650">
		<subfield code="a">Qādirīyah</subfield>
		<subfield code="x">Genealogy.</subfield>
	</datafield>
	<datafield ind1=" " ind2="0" tag="650">
		<subfield code="a">Sufis</subfield>
		<subfield code="x">Genealogy.</subfield>
	</datafield>
	<datafield ind1="2" ind2=" " tag="710">
		<subfield code="a">Jafet Memorial Library.</subfield>
	</datafield>
	<datafield ind1="0" ind2=" " tag="730">
		<subfield code="a">Arabic Collections Online.</subfield>
	</datafield>
	<datafield ind1="0" ind2="8" tag="776">
		<subfield code="i">Print version:</subfield>
		<subfield code="a">Bakhshī, Muḥammad ibn Muḥammad, 1628 or 1629-1686 or 1687, author.</subfield>
		<subfield code="t">Hādhā kitāb Shams al-mafākhir</subfield>
		<subfield code="w">(LeBAU)b12673602</subfield>
	</datafield>
	<datafield ind1="0" ind2=" " tag="787">
		<subfield code="6">880-07</subfield>
		<subfield code="i">is sequel to (work):</subfield>
		<subfield code="t">Qalāʼid al-jawāhir fī manāqib tāj al-awliyāʼ wa-maʻdan al-aṣfiyāʼ wa-sulṭān al-awliyāʼ al-quṭb al-rabbānī al-Shaykh Muḥyī al-Dīn ʻAbd al-Qādir al-Jīlānī</subfield>
		<subfield code="d">Miṣr : Maṭba‘at Miṣr Sharikah Musāhimah Miṣrīyah, 1931</subfield>
		<subfield code="w">(OCoLC)784450174</subfield>
		<subfield code="w">(OCoLC)784450174</subfield>
	</datafield>
	<datafield ind1="4" ind2="0" tag="856">
		<subfield code="u">http://hdl.handle.net/2333.1/ghx3fm64</subfield>
	</datafield>
	<datafield ind1="1" ind2=" " tag="880">
		<subfield code="6">100-01/(3/r</subfield>
		<subfield code="a">البخشي، محمد بن محمد،</subfield>
		<subfield code="d">1628 او 1629-1686 او 1687،</subfield>
		<subfield code="e">مؤلف. </subfield>
		<subfield code="4">aut.</subfield>
	</datafield>
	<datafield ind1="1" ind2="0" tag="880">
		<subfield code="6">245-02/(3/r</subfield>
		<subfield code="a">هذا كتاب شمس المفاخر :</subfield>
		<subfield code="b">ذيل لكتاب قلائد الجواهر في ذكر ذرية سلطان الأولياء الأكابر باز الله الأشهب علم الشرق الغوث الأعظم الرباني الحسيب النسيب الشريف السيد الإمام الهمام شيخ الإسلام أبي صالح محي الدين عبد القادر الجيلاني الحسني الحسيني /</subfield>
		<subfield code="c">تأليف الإمام الهمام العالم العلامة والبحر الفهامة مولانا الشيخ محمد إبن محمد بن محمد البخشي الحلبي الشافعي المتوفى سنة 1098.</subfield>
	</datafield>
	<datafield ind1="3" ind2="0" tag="880">
		<subfield code="6">246-03/(3/r</subfield>
		<subfield code="a">كتاب شمس المفاخر</subfield>
	</datafield>
	<datafield ind1="3" ind2="0" tag="880">
		<subfield code="6">246-04/(3/r</subfield>
		<subfield code="a">شمس المفاخر</subfield>
	</datafield>
	<datafield ind1=" " ind2="1" tag="880">
		<subfield code="6">264-05/(3/r</subfield>
		<subfield code="a">مصر :</subfield>
		<subfield code="b">مطبعة السعادة،</subfield>
		<subfield code="c">1326 هـ.، [1908؟ م.]</subfield>
	</datafield>
	<datafield ind1=" " ind2=" " tag="880">
		<subfield code="6">300-06/(3/r</subfield>
		<subfield code="a">3، 128 صفحة ؛</subfield>
		<subfield code="c">19 سم</subfield>
	</datafield>
	<datafield ind1="0" ind2=" " tag="880">
		<subfield code="6">787-07/(3/r</subfield>
		<subfield code="i">ذيل لـ (عمل):</subfield>
		<subfield code="t">قلائد الجواهر في مناقب تاج الأولياء ومعدن الأصفياء وسلطان الأولياء القطب الرباني الشيخ محي الدين عبد القادر الجيلاني</subfield>
		<subfield code="d">مصر : مطبعة مصر شركة مساهمة مصرية، 1931</subfield>
		<subfield code="w">b12652544</subfield>
		<subfield code="w">(OCoLC)784450174</subfield>
	</datafield>
	<datafield ind1=" " ind2=" " tag="959">
		<subfield code="a">NNU</subfield>
		<subfield code="b">WEB</subfield>
		<subfield code="c">GENI</subfield>
		<subfield code="t">0</subfield>
		<subfield code="m">Electronic access</subfield>
		<subfield code="s">01</subfield>
	</datafield>
	<datafield ind1=" " ind2=" " tag="999">
		<subfield code="i">LeBAU_b12673602</subfield>
		<subfield code="s">aub_aco001193</subfield>
		<subfield code="e">(ERROR-MISC)</subfield>
	</datafield>
</record>
